<record><leader>00000cas a2200000 a 4500</leader><controlfield tag="001">24258392</controlfield><controlfield tag="008">910820d18421842moumr ne      0    0eng c</controlfield><datafield ind1=" " ind2=" " tag="010"><subfield code="a">sn 91054126 </subfield></datafield><datafield ind1=" " ind2=" " tag="040"><subfield code="a">NVF</subfield><subfield code="b">eng</subfield><subfield code="c">NVF</subfield><subfield code="d">OCL</subfield><subfield code="d">NVF</subfield><subfield code="d">OCLCQ</subfield><subfield code="d">OCLCF</subfield><subfield code="d">OCLCO</subfield></datafield><datafield ind1="1" ind2=" " tag="029"><subfield code="a">AU@</subfield><subfield code="b">000020124459</subfield></datafield><datafield ind1=" " ind2=" " tag="042"><subfield code="a">pcc</subfield></datafield><datafield ind1=" " ind2=" " tag="043"><subfield code="a">n-us-mo</subfield></datafield><datafield ind1="0" ind2="0" tag="245"><subfield code="a">Missouri and Illinois temperance herald and Washingtonian.</subfield></datafield><datafield ind1=" " ind2=" " tag="260"><subfield code="a">St. Louis [Mo.] :</subfield><subfield code="b">Executive Committees of the Missouri and Illinois State Temperance Societies,</subfield><subfield code="c">1842.</subfield></datafield><datafield ind1=" " ind2=" " tag="300"><subfield code="a">v.</subfield></datafield><datafield ind1=" " ind2=" " tag="310"><subfield code="a">Monthly</subfield></datafield><datafield ind1="0" ind2=" " tag="362"><subfield code="a">Vol. 6, no. 3 (Jan. 1842)-v. 6, no. 5 (Apr. 1842) = whole no. 63-whole no. 65.</subfield></datafield><datafield ind1=" " ind2=" " tag="500"><subfield code="a">Published also in Alton, Ill.</subfield></datafield><datafield ind1=" " ind2=" " tag="515"><subfield code="a">Continues the vol. and issue numbering of Missouri and Illinois temperance herald.</subfield></datafield><datafield ind1=" " ind2=" " tag="530"><subfield code="a">Preservation microfilmed by the University of Illinois at Urbana-Champaign Library as part of the United States Newspaper Program; the year 1842 (on 1 microfilm reel) is available for purchase from OCLC Preservation Service Centers.</subfield></datafield><datafield ind1=" " ind2="0" tag="650"><subfield code="a">Temperance</subfield><subfield code="z">Illinois</subfield><subfield code="z">Alton</subfield><subfield code="v">Newspapers.</subfield></datafield><datafield ind1=" " ind2="0" tag="650"><subfield code="a">Temperance</subfield><subfield code="z">Missouri</subfield><subfield code="z">Saint Louis</subfield><subfield code="v">Newspapers.</subfield></datafield><datafield ind1=" " ind2="0" tag="651"><subfield code="a">Alton (Ill.)</subfield><subfield code="v">Newspapers.</subfield></datafield><datafield ind1=" " ind2="0" tag="651"><subfield code="a">Saint Louis (Mo.)</subfield><subfield code="v">Newspapers.</subfield></datafield><datafield ind1=" " ind2="7" tag="655"><subfield code="a">Newspapers.</subfield><subfield code="2">fast</subfield><subfield code="0">(OCoLC)fst01423814</subfield></datafield><datafield ind1=" " ind2="7" tag="650"><subfield code="a">Temperance.</subfield><subfield code="2">fast</subfield><subfield code="0">(OCoLC)fst01147309</subfield></datafield><datafield ind1=" " ind2="7" tag="651"><subfield code="a">Illinois</subfield><subfield code="z">Alton.</subfield><subfield code="2">fast</subfield><subfield code="0">(OCoLC)fst01221436</subfield></datafield><datafield ind1=" " ind2="7" tag="651"><subfield code="a">Missouri</subfield><subfield code="z">Saint Louis.</subfield><subfield code="2">fast</subfield><subfield code="0">(OCoLC)fst01204930</subfield></datafield><datafield ind1=" " ind2=" " tag="752"><subfield code="a">United States</subfield><subfield code="b">Illinois</subfield><subfield code="c">Madison</subfield><subfield code="d">Alton.</subfield></datafield><datafield ind1=" " ind2=" " tag="752"><subfield code="a">United States</subfield><subfield code="b">Missouri</subfield><subfield code="d">Saint Louis.</subfield></datafield><datafield ind1="0" ind2="0" tag="780"><subfield code="t">Missouri and Illinois temperance herald</subfield><subfield code="w">(DLC)sn 91054125</subfield><subfield code="w">(OCoLC)24258318</subfield></datafield><datafield ind1="0" ind2="0" tag="785"><subfield code="t">Illinois temperance herald and Washingtonian</subfield><subfield code="w">(DLC)sn 91054127</subfield><subfield code="w">(OCoLC)24258440</subfield></datafield></record>